% Encoding: UTF-8

@Article{love2014moderated,
  author    = {Love, Michael I and Huber, Wolfgang and Anders, Simon},
  title     = {Moderated estimation of fold change and dispersion for RNA-seq data with DESeq2},
  journal   = {Genome biology},
  year      = {2014},
  volume    = {15},
  number    = {12},
  pages     = {550},
  publisher = {BioMed Central},
}

@Article{hoffman2013stochastic,
  author    = {Hoffman, Matthew D and Blei, David M and Wang, Chong and Paisley, John},
  title     = {Stochastic variational inference},
  journal   = {The Journal of Machine Learning Research},
  year      = {2013},
  volume    = {14},
  number    = {1},
  pages     = {1303--1347},
  publisher = {JMLR. org},
  timestamp = {2017-09-25},
  url       = {http://jmlr.org/papers/volume14/hoffman13a/hoffman13a.pdf},
}

@Article{miller2016natural,
  author    = {Miller, Andy},
  title     = {Natural Gradient and Stochastic Variational Inference},
  year      = {2016},
  timestamp = {2017-09-25},
  url       = {http://andymiller.github.io/2016/10/02/natural_gradient_bbvi.html},
}

@Comment{jabref-meta: databaseType:bibtex;}
